<?xml version="1.0" encoding="UTF-8"?><collection><record><leader>06730ntm a2200661 a 4500</leader><controlfield tag="001">006819201</controlfield><controlfield tag="003">MiAaHDL</controlfield><controlfield tag="005">20190719000000.0</controlfield><controlfield tag="006">m        d        </controlfield><controlfield tag="007">cr bn ---auaua</controlfield><controlfield tag="008">090616s193u    xx            00| ||ara d</controlfield><datafield tag="035" ind1=" " ind2=" "><subfield code="a">(MiU)006819201</subfield></datafield><datafield tag="035" ind1=" " ind2=" "><subfield code="a">sdr-miu006819201</subfield></datafield><datafield tag="040" ind1=" " ind2=" "><subfield code="a">MiU</subfield><subfield code="c">MiU</subfield><subfield code="e">amremm</subfield></datafield><datafield tag="043" ind1=" " ind2=" "><subfield code="a">n-us-mi</subfield></datafield><datafield tag="100" ind1="0" ind2=" "><subfield code="6">880-01</subfield><subfield code="a">Jāmī,</subfield><subfield code="d">1414-1492.</subfield></datafield><datafield tag="245" ind1="1" ind2="0"><subfield code="6">880-03</subfield><subfield code="a">[Sharḥ mawlānā ʻAbd al-Raḥmān al-Jāmī ʻalá Fuṣūṣ al-ḥikam ... etc.,</subfield><subfield code="f">193-?].</subfield></datafield><datafield tag="246" ind1="3" ind2=" "><subfield code="i">Title of opening work in GAL:</subfield><subfield code="a">Naqd al-nuṣūṣ</subfield></datafield><datafield tag="246" ind1="3" ind2="8"><subfield code="a">شرح عبد الرحمن الجامي</subfield></datafield><datafield tag="260" ind1=" " ind2=" "><subfield code="c">[193-?].</subfield></datafield><datafield tag="300" ind1=" " ind2=" "><subfield code="a">223 leaves :</subfield><subfield code="b">paper ;</subfield><subfield code="c">307 x 210 mm. bound to 322 x 220 mm.</subfield></datafield><datafield tag="500" ind1=" " ind2=" "><subfield code="a">Shelfmark: Ann Arbor, University of Michigan, Special Collections Library, Isl. Ms. 918</subfield></datafield><datafield tag="500" ind1=" " ind2=" "><subfield code="a">Origin: Lacks dated colophon ; likely copied in Egypt in the late 1930s and bound for James Heyworth-Dunne (d.1974).</subfield></datafield><datafield tag="500" ind1=" " ind2=" "><subfield code="a">Former shelfmark: Mich. Isl. Ms. temp. no. 67</subfield></datafield><datafield tag="500" ind1=" " ind2=" "><subfield code="a">Binding: Boards covered in dark green cloth with dark green leather over spine (quarter binding) ; pastedowns and flyleaves in wove paper printed with a floral vegetal pattern in green ; spine gold-stamped with title and decorative accents over raised bands "شرح | عبد الرحمن الجامي | J.H.D." ; sewing difficult to examine ; stuck-on endbands (blue and white stripe) ; overall in fairly good condition.</subfield></datafield><datafield tag="500" ind1=" " ind2=" "><subfield code="a">Support: Mainly lined / ruled wove paper of at least two different types ; a few leaves of unruled wove paper.</subfield></datafield><datafield tag="500" ind1=" " ind2=" "><subfield code="a">Decoration: Headings and text being commented upon rubricated.</subfield></datafield><datafield tag="500" ind1=" " ind2=" "><subfield code="a">Script: Ruqʻah and naskh ; two modern hands ; opening pages in naskh, a spacious, modern hand in a bold line, partially but irregularly seriffed with slight effect of tilt to the left, curvilinear descenders, somewhat freely ligatured, many closed counters, pointing in strokes rather than distinct dots, final yāʼ usually unpointed ; thereafter in ruqʻah, initially (through p.266) a neat hand, serifless and freely ligatured with mainly closed counters, slight effect of inclination to the right, pointing somewhat careless and in strokes rather than distinct dots ; from p.267 a much quicker, coarser hand with effect of inclination to the right and slight effect of words descending to baseline.</subfield></datafield><datafield tag="500" ind1=" " ind2=" "><subfield code="a">Layout: Written mainly in 25-26 lines per page.</subfield></datafield><datafield tag="500" ind1=" " ind2=" "><subfield code="a">Collation: Pagination in pencil, Western numerals, supplied during digitization.</subfield></datafield><datafield tag="500" ind1=" " ind2=" "><subfield code="a">Colophon: "Scribal," reads "الى هنا انتهى الاصل الذي بيدنا والذي نقلنا منه هذه النبذة ... والاصل هو السفر المسمى بمصباح الانس بين المعقول والمشهود شرح مفتاح غيب الجمع والوجود والشرح للعلامة الفنري [الفناري] والمتن لصدر الدين القنوي تلميذ الشيخ الاكبر بن عربي ... والله الامر في البدء والختم وصلى الله على سيدنا محمد وعلى اله وصحبه وسلم تسليما والحمد لله رب العالمين"</subfield></datafield><datafield tag="500" ind1=" " ind2=" "><subfield code="a">Incipit: [Sharḥ mawlānā ʻAbd al-Raḥmān al-Jāmī ʻalá Fuṣūṣ al-ḥikam] "الحمد لله الذي زين خواتم قلوب اولى الهمم بفصوص نصوص الحكم ... اما بعد فاعلم ان الحكم الفائضة من الحق سبحانه على قلوب كمل عباده ... فقصدت الى جمع شروحه وجعلتها مفاتيح ابواب فتوحه وطالعتها مرة بعد اخرى ..."</subfield></datafield><datafield tag="500" ind1=" " ind2=" "><subfield code="a">Title supplied by cataloguer from inscription on 'title page' (p.1).</subfield></datafield><datafield tag="500" ind1=" " ind2=" "><subfield code="a">Ms. codex.</subfield></datafield><datafield tag="505" ind1="0" ind2=" "><subfield code="a">4. p.445-p.446 : [blank].</subfield></datafield><datafield tag="505" ind1="0" ind2=" "><subfield code="a">3. p.268-p.444 : Min Miṣbāḥ al-uns bayna al-maʻqūl wa-al-mashhūd / Muḥammad ibn Ḥamzah ibn Muḥammad al-Fanārī.</subfield></datafield><datafield tag="505" ind1="0" ind2=" "><subfield code="a">2. p.267-p.268: Min al-Fuṣūṣ al-ḥikmīyah bi-sharḥ al-Nābulusī / al-Nābulusī.</subfield></datafield><datafield tag="505" ind1="0" ind2=" "><subfield code="a">1. p.1-p.266 : [Sharḥ mawlānā ʻAbd al-Raḥmān al-Jāmī ʻalá Fuṣūṣ al-ḥikam] / Jāmī.</subfield></datafield><datafield tag="510" ind1="4" ind2=" "><subfield code="a">Brockelmann, C. GAL,</subfield><subfield code="c">S II 329</subfield></datafield><datafield tag="510" ind1="4" ind2=" "><subfield code="a">Brockelmann, C. GAL,</subfield><subfield code="c">I 442 (11/12. cmtre. h and cmtre. k)</subfield></datafield><datafield tag="520" ind1="8" ind2=" "><subfield code="a">Careful copy of a collection of excerpts from three Ṣūfistic and philosophical works opening with Jāmī's (d.1492) commentary upon Ibn ʻArabī’s celebrated Fuṣūṣ al-ḥikam, a collection of aphorisms summarizing the teaching of 28 prophets from Adam to Muḥammad, followed by a very brief excerpt from ʻAbd al-Ghanī ibn Ismāʻīl al-Nābulusī's (d.1731) commentary on Fuṣūṣ al-ḥikam and closing with a lengthy excerpt from Miṣbāḥ al-uns bayna al-maʻqūl wa-al-mashhūd, Muḥammad ibn Ḥamzah ibn Muḥammad al-Fanārī's (d.1431) commentary on Miftāḥ ghayb al-jamʻ wa-al-wujūd, Ṣadr al-Dīn al-Qūnawī’s (d.1274) chief philosophical work.</subfield></datafield><datafield tag="538" ind1=" " ind2=" "><subfield code="a">Mode of access: Internet.</subfield></datafield><datafield tag="541" ind1=" " ind2=" "><subfield code="a">Acquired in the Fall of 1950.</subfield></datafield><datafield tag="546" ind1=" " ind2=" "><subfield code="a">Arabic.</subfield></datafield><datafield tag="561" ind1=" " ind2=" "><subfield code="a">On upper pastedown label with ex libris of James Heyworth-Dunne (d.1974), stamped with inventory number, "Ex Libris | J. Heyworth-Dunne | D. Lit. (London) | No 7959" ; UM Library inscription on p.3 "Dunning | Heyworth-Dunne | 6-13-51 | 71955" ; possible former inventory mark in pencil on verso of final leaf (p.446) "231 / 53" ; marginal glosses.</subfield></datafield><datafield tag="600" ind1="1" ind2="0"><subfield code="a">Ṣadr al-Dīn al-Qūnawī, Muḥammad ibn Isḥāq,</subfield><subfield code="d">d. 1273 or 4.</subfield><subfield code="t">Miftāḥ ghayb al-jamʻ wa-al-wujūd.</subfield></datafield><datafield tag="600" ind1="0" ind2="0"><subfield code="a">Ibn al-ʻArabī,</subfield><subfield code="d">1165-1240.</subfield><subfield code="t">Fuṣūṣ al-ḥikam.</subfield></datafield><datafield tag="650" ind1=" " ind2="0"><subfield code="a">Manuscripts, Arabic</subfield><subfield code="z">Michigan</subfield><subfield code="z">Ann Arbor.</subfield></datafield><datafield tag="650" ind1=" " ind2="0"><subfield code="a">Islamic philosophy</subfield><subfield code="v">Early works to 1800.</subfield></datafield><datafield tag="650" ind1=" " ind2="0"><subfield code="a">Sufism</subfield><subfield code="x">Doctrines</subfield><subfield code="v">Early works to 1800.</subfield></datafield><datafield tag="700" ind1="1" ind2=" "><subfield code="a">Heyworth-Dunne, J.</subfield><subfield code="q">(James),</subfield><subfield code="e">former owner.</subfield></datafield><datafield tag="700" ind1="1" ind2="2"><subfield code="6">880-07</subfield><subfield code="a">Fanārī, Muḥammad ibn Ḥamzah,</subfield><subfield code="d">1350 or 1351-1430 or 1431.</subfield><subfield code="t">Miṣbāḥ al-uns.</subfield></datafield><datafield tag="700" ind1="1" ind2="2"><subfield code="6">880-06</subfield><subfield code="a">Nābulusī, ʻAbd al-Ghanī ibn Ismāʻīl,</subfield><subfield code="d">1641-1731.</subfield><subfield code="t">Jawāhir al-nuṣūṣ fī ḥall kalimāt al-Fuṣūṣ.</subfield><subfield code="k">Selections.</subfield></datafield><datafield tag="773" ind1="0" ind2=" "><subfield code="a">Heyworth-Dunne Collection.</subfield></datafield><datafield tag="880" ind1="1" ind2="2"><subfield code="6">700-07/</subfield><subfield code="a">فناري, محمد بن حمزة.</subfield><subfield code="t">مصباح الانس.</subfield></datafield><datafield tag="880" ind1="1" ind2="2"><subfield code="6">700-06/</subfield><subfield code="a">نابلسي، عبد الغني بن اسماعيل.</subfield><subfield code="t">جواهر النصوص في حل كلمات الفصوص.</subfield><subfield code="k">مختارات.</subfield></datafield><datafield tag="880" ind1="1" ind2="0"><subfield code="6">245-03/</subfield><subfield code="a">[شرح مولانا عبد الرحمن الجامي على فصوص الحكم ... الخ,</subfield><subfield code="f">193-م؟].</subfield></datafield><datafield tag="880" ind1="0" ind2=" "><subfield code="6">100-01/</subfield><subfield code="a">جامي.</subfield></datafield><datafield tag="CID" ind1=" " ind2=" "><subfield code="a">006819201</subfield></datafield><datafield tag="DAT" ind1="0" ind2=" "><subfield code="a">20190719102639.0</subfield><subfield code="b">20190719000000.0</subfield></datafield><datafield tag="DAT" ind1="1" ind2=" "><subfield code="a">20190719090653.0</subfield><subfield code="b">2019-07-19T16:12:04Z</subfield></datafield><datafield tag="DAT" ind1="2" ind2=" "><subfield code="a">2015-10-02T18:00:03Z</subfield></datafield><datafield tag="CAT" ind1=" " ind2=" "><subfield code="a">SDR-MIU</subfield><subfield code="d">EX LIBRIS - ALEPH</subfield><subfield code="l">prepare.pl-004-008</subfield></datafield><datafield tag="FMT" ind1=" " ind2=" "><subfield code="a">BK</subfield></datafield><datafield tag="HOL" ind1=" " ind2=" "><subfield code="0">sdr-miu006819201</subfield><subfield code="a">MiU</subfield><subfield code="b">SDR</subfield><subfield code="c">MIU</subfield><subfield code="p">mdp.39015079130335</subfield><subfield code="s">MIU</subfield><subfield code="1">006819201</subfield></datafield><datafield tag="974" ind1=" " ind2=" "><subfield code="b">MIU</subfield><subfield code="c">MIU</subfield><subfield code="d">20190719</subfield><subfield code="s">lit-dlps-dc</subfield><subfield code="u">mdp.39015079130335</subfield><subfield code="y">1939</subfield><subfield code="r">ic-world</subfield><subfield code="q">man</subfield></datafield></record></collection>